

@article{solr,
 author = {The Apache Software Foundation},
 title = "{Solr}",
 year = {2017},
 url = {https://lucene.apache.org/solr/},
} 

@book{hearst:2009,
  title={Search user interfaces},
  author={Hearst, Marti},
  year={2009},
  publisher={Cambridge University Press}
}

@ARTICLE{waeldin:2015,
   author    = {Sandra Waeldin},
  title     = "{Results from the PubPsych launch survey: Short report}",
  journal   = {ZPID Science Information Online},
  volume    = {15},
  number = {2},
  year      = {2015},
  pages     = {3},
  url = {https://www.zpid.de/pub/research/2015_Waeldin_PubPsych-launch.pdf}
}

@article{uhl:2009,
    author = {Martin Uhl},
    title = {Survey on European Psychology Publication Issues},
    journal = {Psychology Science Quarterly},
    number = {1},
    volume = {51},
    pages = {19--26},
    year = {2009}
}

@incollection{kornadt:1994,
  title="{"Mein Hund hat mich bestorben" : sprachlicher Ausdruck von Gef√ºhlen im deutsch-japanischen Vergleich}",
  year={1994},
  isbn={3-86025-135-X},
  address={Heidelberg},
  publisher={Spektrum Akad. Verl.},
  booktitle={Sprache und Kognition : Perspektiven moderner Sprachpsychologie},
  pages={233--250},
  editor={Kornadt, Hans-Joachim},
  author={Kornadt, Hans-Joachim and Trommsdorff, Gisela and Kobayashi, Ryozo B.}
}


@ARTICLE{henrichEtal:2010,
  author    = {Joseph Henrich and
               Steven J. Heine and
               Ara Norenzayan},
  title     = "{Most people are not WEIRD}",
  journal   = {Nature},
  volume    = {466},
  number    = {29},
  year      = {2010},
   doi = {https://doi.org/10.1038/466029a}
}



@Article{diekema:2012,
 author = {Anne Diekema},
 title = "{Multilinguality in the digital library: A review}",
 journal = "{The Electronic Library}",
 year = {2012},
 volume = {30},
 number = {2},
 pages = {165--181},
 doi = {10.1108/02640471211221313}
}

@article{broder:2002,
 author = {Broder, Andrei},
 title = {A Taxonomy of Web Search},
 journal = {SIGIR Forum},
 issue_date = {Fall 2002},
 volume = {36},
 number = {2},
 year = {2002},
 issn = {0163-5840},
 pages = {3--10},
 numpages = {8},
 url = {http://doi.acm.org/10.1145/792550.792552},
 doi = {10.1145/792550.792552},
 acmid = {792552},
 publisher = {ACM},
 address = {New York, NY, USA},
} 

@article{liEtal:2017,
title = "Investigating queries and search failures in academic search",
journal = "Information Processing \& Management",
volume = "53",
number = "3",
pages = "666 - 683",
year = "2017",
issn = "0306-4573",
doi = "https://doi.org/10.1016/j.ipm.2017.01.005",
url = "http://www.sciencedirect.com/science/article/pii/S0306457316304071",
author = "Xinyi Li and Bob J.A. Schijvenaars and Maarten de Rijke",
}
