
@InProceedings{WMT1:2016,
  author    = {Bojar, Ond\v{r}ej  and  Chatterjee, Rajen  and  Federmann, Christian  and  Graham, Yvette  and  Haddow, Barry  and  Huck, Matthias  and  Jimeno Yepes, Antonio  and  Koehn, Philipp  and  Logacheva, Varvara  and  Monz, Christof  and  Negri, Matteo  and  Neveol, Aurelie  and  Neves, Mariana  and  Popel, Martin  and  Post, Matt  and  Rubino, Raphael  and  Scarton, Carolina  and  Specia, Lucia  and  Turchi, Marco  and  Verspoor, Karin  and  Zampieri, Marcos},
  title     = {{Findings of the 2016 Conference on Machine Translation}},
  booktitle = {Proceedings of the First Conference on Machine Translation (WMT 2016)},
  month     = {August},
  year      = {2016},
  address   = {Berlin, Germany},
  publisher = {Association for Computational Linguistics},
  pages     = {131--198},
}

@inproceedings{WMT2:2017,
  author    = "Bojar, Ondrej and Chatterjee, Rajen and Federmann, Christian and Graham, Yvette and Haddow, Barry  and Huck, Matthias  and Koehn, Philipp and Logacheva, Varvara and Monz, Christof and Negri, Matteo and Post, Matt  and Rubino, Raphael and Specia, Lucia and Turchi, Marco ",
  title     = "{Findings of the 2017 Conference on Machine Translation}",
  month     = "September",
  year      = "2017",
  pages     = {169--214},
  booktitle = "Proceedings of the Second Conference on Machine Translations (WMT 2017)",
  publisher = {Association for Computational Linguistics},
  address = "Copenhagen, Denmark"
}

@inproceedings{haEtal:2016,
  author    = {Thanh{-}Le Ha and
               Jan Niehues and
               Alexander H. Waibel},
  title     = {{Toward Multilingual Neural Machine Translation with Universal Encoder and Decoder}},
  booktitle = {{Proceedings of the International Workshop on Spoken Language Translation}},
  address   = {Seattle, WA},
  year      = {2016},
    month = {November},
}


@ARTICLE{firatEtAlb:2016,
  author    = {Orhan Firat and
               Baskaran Sankaran and
               Yaser Al{-}Onaizan and
               Fatos T. Yarman{-}Vural and
               Kyunghyun Cho},
  title     = "{Zero-Resource Translation with Multi-Lingual Neural Machine Translation}",
  journal   = {CoRR},
  volume    = {abs/1606.04164},
  year      = {2016},
    month = jun,
   adsurl = {http://adsabs.harvard.edu/abs/2016arXiv160604164F},
  adsnote = {Provided by the SAO/NASA Astrophysics Data System}
}


@ARTICLE{johnsonEtal:2016,
   author    = {Melvin Johnson and
               Mike Schuster and
               Quoc V. Le and
               Maxim Krikun and
               Yonghui Wu and
               Zhifeng Chen and
               Nikhil Thorat and
               Fernanda B. Vi{\'{e}}gas and
               Martin Wattenberg and
               Greg Corrado and
               Macduff Hughes and
               Jeffrey Dean},
  title     = "{Google's Multilingual Neural Machine Translation System: Enabling Zero-Shot Translation}",
  journal   = {Transactions of the Association for Computational Linguist},
  volume    = {5},
  year      = {2017},
  month = {October},
  pages     = {339--351}

}

@InProceedings{EspanaBarron:2017,
       author = {{Espa{\~n}a-Bonet}, Cristina and {Barr\'on-Cede{\~n}o}, Alberto},
        title =	"{Lump at SemEval-2017 Task 1: Towards an Interlingua Semantic Similarity}",
    booktitle = "{Proceedings of the 11th International Workshop on Semantic Evaluation (SemEval-2017)}",
        pages = {144--149},
         year =	{2017},
        month = {August}
      address = {Vancouver, Canada},
    publisher = {Association for Computational Linguistics},
     language = {english},
          url = {http://www.aclweb.org/anthology/S17-2019}
}
@Article{espanaEtAl:2017,
 author = {Cristina Espa{\~n}a-Bonet and
        \'Ad\'am Csaba Varga and
        Alberto Barr{\'o}n-Cede{\~n}o and
        Josef van Genabith},
 title = "{An Empirical Analysis of NMT-Derived Interlingual Embeddings and their Use in Parallel Sentence Identification}",
 journal = "{IEEE Journal of Selected Topics in Signal Processing}",
 year = {2017},
 OPTkey = {},
 volume = {11},
 number = {8},
 pages = {1340--1350},
 month = {December},
 OPTnote = {},
 OPTannote = {},
 OPTurl = {},
 OPTurldate = {},
 OPTlastchecked = {},
 doi = {10.1109/JSTSP.2017.2764273},
 OPTisbn = {},
 issn = {1932-4553},
 OPTlocalfile = {},
 OPTabstract = {},
 OPTkeywords = {},
}

@MastersThesis{tesisAdam,
 author = {\'Ad\'am Csaba Varga},
 title = {Domain Adaptation for Multilingual Neural Machine Translation},
 school = {Universit\"at des Saarlandes},
 year = {2017},
 OPTmonth = {September}
}


@InProceedings{espanaVanGenabith:IWSLT:2017,
   author = {Cristina Espa{\~n}a-Bonet and Josef van Genabith},
   title = "{Going beyond zero-shot MT: combining phonological, morphological and semantic factors. The UdS-DFKI System at IWSLT 2017}",
   booktitle = {Proceedings of the 14th International Workshop on Spoken Language Translation (IWSLT)},
   key = {IWSLT 2017},
   pages = {15--22},
   year = {2017},
   month = {December},
   Address = {Tokyo, Japan}
}



@InProceedings{espanaVanGenabith:LREC:2018,
   author = {Cristina Espa{\~n}a-Bonet and Josef van Genabith},
   title = "{Multilingual Semantic Networks for Data-driven Interlingua Seq2Seq Systems}",
   booktitle = {Proceedings of the LREC 2018 MLP-MomenT Workshop},
   key = {MLP-MomenT 2018},
   pages = {8--13},
   year = {2018},
   month = {May},
   Address = {Miyazaki, Japan}
}

@inproceedings{iwslt-overview:2017,
    Address = {Tokyo, Japan},
    Author = {Mauro Cettolo and Marcello Federico and Luisa Bentivogli and Jan Niehues and Sebastian St\"{u}ker and Katsuhito Sudoh and Koichiro Yoshino and Christian Federmann},
    Booktitle = {Proceedings of the 14th International Workshop on Spoken Language Translation (IWSLT)},
    Key = {IWSLT 2017},
    Title = {{Overview of the IWSLT 2017 Evaluation Campaign}},
    Year = {2017},
   month = {December},
   Address = {Tokyo, Japan}
    }


@article{freitag2016fast,
  title={Fast Domain Adaptation for Neural Machine Translation},
  author={Freitag, Markus and Al-Onaizan, Yaser},
  journal={arXiv preprint arXiv:1612.06897},
  year={2016}
}

@inproceedings{Chu2017AnEC,
  title={An Empirical Comparison of Simple Domain Adaptation Methods for Neural Machine Translation},
  author={Chenhui Chu and Raj Dabre and Sadao Kurohashi},
  booktitle={Proceedings of the 55th Annual Meeting of the Association for Computational Linguistics},
  pages={385--391},
  year={2017},
  address={Vancouver, Canada}
}


@article{galeChurch:1993,
 author = {Gale, William A. and Church, Kenneth W.},
 title = "{A Program for Aligning Sentences in Bilingual Corpora}",
 journal = {Comput. Linguist.},
 issue_date = {March 1993},
 volume = {19},
 number = {1},
 month = mar,
 year = {1993},
 issn = {0891-2017},
 pages = {75--102},
 numpages = {28},
 url = {http://dl.acm.org/citation.cfm?id=972450.972455},
 acmid = {972455},
 publisher = {MIT Press},
 address = {Cambridge, MA, USA},
} 

@inproceedings{moses:2007,
 author = {Koehn, Philipp and Hoang, Hieu and Birch, Alexandra and Callison-Burch, Chris and Federico, Marcello and Bertoldi, Nicola and Cowan, Brooke and Shen, Wade and Moran, Christine and Zens, Richard and Dyer, Chris and Bojar, Ond\v{r}ej and Constantin, Alexandra and Herbst, Evan},
 title = "{Moses: Open Source Toolkit for Statistical Machine Translation}",
 booktitle = {Proceedings of the 45th Annual Meeting of the ACL on Interactive Poster and Demonstration Sessions},
 series = {ACL '07},
 year = {2007},
 location = {Prague, Czech Republic},
 pages = {177--180},
 numpages = {4},
 url = {http://dl.acm.org/citation.cfm?id=1557769.1557821},
 acmid = {1557821},
 publisher = {Association for Computational Linguistics},
 address = {Stroudsburg, PA, USA},
} 

 @inproceedings{zhuEtal:2014,
  title = {Improving Pivot-Based Statistical Machine Translation by Pivoting the Co-occurrence Count of Phrase Pairs},
  author = { Zhu, Xiaoning, Zhongjun He, Hua Wu, Conghui Zhu, Haifeng Wang and Tiejun Zhao},
  booktitle = {Proceedings of the 2014 Conference on Empirical Methods in Natural Language Processing (EMNLP)},
  month     = {October},
  year      = {2014},
  address   = {Doha, Qatar},
  publisher = {Association for Computational Linguistics}
}


# Nematus
@inproceedings{sennrichEtala:2016,
  author    = {Rico Sennrich and
               Barry Haddow and
               Alexandra Birch},
  title     = {{Neural Machine Translation of Rare Words with Subword Units}},
  booktitle = {Proceedings of the 54th Annual Meeting of the Association for Computational
               Linguistics, ({ACL} 2016), Volume
               1: Long Papers},
  year      = {2016},
  pages     = {1715--1725},
  address   = {Berlin, Germany},
  nocrossref  = {DBLP:conf/acl/2016-1},
 timestamp = {Mon, 15 Aug 2016 20:10:51 +0200},
}
@inproceedings{nematus, 
  author    = {Sennrich, Rico  and  Firat, Orhan  and  Cho, Kyunghyun  and  Birch, Alexandra  and  Haddow, Barry  and  Hitschler, Julian  and  Junczys-Dowmunt, Marcin  and  L\"{a}ubli, Samuel  and  Miceli Barone, Antonio Valerio  and  Mokry, Jozef  and  Nadejde, Maria},
  title     = {{Nematus: A Toolkit for Neural Machine Translation}},
  booktitle = {{Proceedings of the Software Demonstrations of the 15th Conference of the European Chapter of the Association for Computational Linguistics (EACL 2017)}},
  month     = {April},
  year      = {2017},
  address   = {Valencia, Spain},
  publisher = {Association for Computational Linguistics},
  pages     = {65--68},
  nourl       = {http://aclweb.org/anthology/E17-3017}
 }

 @InProceedings{barronEtAl:2015,
       author = {{Barr\'on-Cede{\~n}o}, Alberto and {Espa{\~n}a-Bonet}, Cristina and 
       			{Boldoba}, Josu and {M\`arquez}, Llu\'{i}s},
        title =	"{A Factory of Comparable Corpora from Wikipedia}",
    booktitle = "{Proceedings of the 8th Workshop on Building and Using Comparable Corpora (BUCC)}",
        pages = {3--13},
         year =	{2015},
        month = {July}
         date = {30},
      address = {Beijing, China},
     language = {english},
  	  url = {http://www.aclweb.org/anthology/W15-3402}
}
%corpus
@InCollection{tiedemann:2009,
  author =	  {J\"org Tiedemann},
  title =	  "{News from {OPUS} - {A} Collection of Multilingual
                  Parallel Corpora with Tools and Interfaces}",
  booktitle =	  {Recent Advances in Natural Language Processing},
  publisher =	  {John Benjamins, Amsterdam/Philadelphia},
  year =          2009,
  pages =         {237--248},
  editor =        {N. Nicolov and K. Bontcheva and G. Angelova and
                  R. Mitkov},
  volume =	  {V},
  address =	  {Borovets, Bulgaria},
  isbn =          {978 90 272 4825 1},
  pdf =           {http://stp.lingfil.uu.se/~joerg/published/ranlp-V.pdf},
  topic  =        {Parallel corpora}
}

@InProceedings{tiedemann:2012,
  author = {J\"org Tiedemann},
  title = {Parallel Data, Tools and Interfaces in OPUS},
  booktitle = {Proceedings of the Eight International Conference on Language Resources and Evaluation (LREC'12)},
  year = {2012},
  month = {may},
  date = {23-25},
  address = {Istanbul, Turkey},
  editor = {Nicoletta Calzolari (Conference Chair) and Khalid Choukri and Thierry Declerck and Mehmet Uğur Doğan and Bente Maegaard and Joseph Mariani and Asuncion Moreno and Jan Odijk and Stelios Piperidis},
  publisher = {European Language Resources Association (ELRA)},
  isbn = {978-2-9517408-7-7},
  language = {english}
 } 
@inproceedings{europarl:2005,
  added-at = {2010-11-10T15:46:05.000+0100},
  address = {Phuket, Thailand},
  author = {Koehn, Philipp},
  biburl = {https://www.bibsonomy.org/bibtex/205e5fa13fd7ba7992aedfe3514379a1f/unhammer},
  booktitle = {{Conference Proceedings: the Tenth Machine Translation Summit}},
  interhash = {abd06b551527865eb50e21508841b6de},
  intrahash = {05e5fa13fd7ba7992aedfe3514379a1f},
  keywords = {Corpus Europarl MT Master},
  organization = {AAMT},
  pages = {79--86},
  publisher = {AAMT},
  timestamp = {2010-11-10T15:46:05.000+0100},
  title = {{Europarl: A Parallel Corpus for Statistical Machine Translation}},
  url = {http://mt-archive.info/MTS-2005-Koehn.pdf},
  year = 2005
}

@InProceedings{multiun:2012,
  author = {Yu Chen and Andreas Eisele},
  title = "{MultiUN v2: UN Documents with Multilingual Alignments}",
  booktitle = {Proceedings of the Eight International Conference on Language Resources and Evaluation (LREC'12)},
  year = {2012},
  month = {may},
  date = {23--25},
  address = {Istanbul, Turkey},
  editor = {Nicoletta Calzolari (Conference Chair) and Khalid Choukri and Thierry Declerck and Mehmet Uğur Doğan and Bente Maegaard and Joseph Mariani and Asuncion Moreno and Jan Odijk and Stelios Piperidis},
  publisher = {European Language Resources Association (ELRA)},
  isbn = {978-2-9517408-7-7},
  language = {english}
 } 

 @inproceedings{skadinsEtal:2014,
  author =       {Raivis Skadi\c{n}\v{s} and J{\"o}rg Tiedemann and Roberts Rozis and Daiga Deksne},
  title =        {Billions of Parallel Words for Free: Building and Using the EU Bookshop Corpus},
  booktitle =    {Proceedings of the 9th International Conference
                  on Language Resources and Evaluation (LREC-2014)},
  year =         2014,
  month =        {May},
  address =      {Reykjavik, Iceland},
  publisher =    {European Language Resources Association (ELRA)},
}

 
 @inproceedings{rozisSkadins:2017,
  author    = {Roberts Rozis and
               Raivis Skadins},
  title     = {Tilde {MODEL} - Multilingual Open Data for {EU} Languages},
  booktitle = {{NODALIDA}},
  pages     = {263--265},
  publisher = {Association for Computational Linguistics},
  year      = {2017}
}

 @inproceedings{zeschEtal:2008,
   author = {Zesch, Torsten and Müller, Christof and Gurevych, Iryna},
   booktitle = {Proceedings of the Conference on Language Resources and Evaluation (LREC), electronic proceedings},
  description = {from www.ukp.tu-darmstadt.de},
  keywords = {knowledge mining thesaurus wikipedia wiktionary},
  month = {may},
  organization = {Ubiquitious Knowledge Processing, Universität Darmstadt},
  title = "{Extracting Lexical Semantic Knowledge from Wikipedia and Wiktionary}",
  year = 2008
}

@inproceedings{papineni_bleu:_2002,
  title = {{BLEU}: a method for automatic evaluation of machine translation},
  pages = {311--318},
  booktitle = {Proceedings of the 40th annual meeting on association for computational linguistics},
  publisher = {Association for Computational Linguistics},
  author = {Papineni, Kishore and Roukos, Salim and Ward, Todd and Zhu, Wei-Jing},
  year = {2002}
}



% metriques
@inproceedings{PER,
  author = {C. Tillmann and S. Vogel and H. Ney and A. Zubiaga and H. Sawaf},
  title = "{Accelerated DP based Search for Statistical Translation}",
  booktitle = {Proceedings of European Conference on Speech Communication and Technology},
  year = {1997}
}

@inproceedings{WER,
  author = {Sonja Nie{\ss}en and Franz Josef Och and Gregor Leusch and Hermann Ney},
  title = "{An Evaluation Tool for Machine Translation: Fast Evaluation for MT Research}",
  booktitle = {Proceedings of the 2nd International Conference on Language Resources and Evaluation},
  year = {2000}
}

@inproceedings{NISTmetric,
  author = "George Doddington",
  title = "Automatic Evaluation of Machine Translation Quality Using N-gram Co-Occurrence Statistics",
  year = "2002",
  booktitle = {Proceedings of the 2nd Internation Conference on Human Language Technology},
  pages     = {138--145},
}

@inproceedings{METEOR,
  author = {Satanjeev Banerjee and Alon Lavie},
  title = "{METEOR: An Automatic Metric for MT Evaluation with Improved Correlation with Human Judgments}",
  booktitle = {Proceedings of ACL Workshop on Intrinsic and Extrinsic Evaluation Measures for MT and/or Summarization},
  year = {2005}
}

@inproceedings{GTM,
  author =       {I. Dan Melamed and Ryan Green and Joseph P. Turian},
  title =        "{Precision and Recall of Machine Translation}",
  booktitle =    {Proceedings of the Joint Conference on Human Language Technology and the North American Chapter of the Association for Computational Linguistics (HLT-NAACL)},
  year =         {2003}
}

@inproceedings{GTMb,
  author =       {Joseph P. Turian and Luke Shen and I. Dan Melamed},
  title =        "{Evaluation of Machine Translation and its Evaluation}",
  booktitle =    {Proceedings of MT SUMMIT IX},
  year =         {2003}
}

@inproceedings{ROUGE,
  author =       {Chin-Yew Lin and Franz Josef Och},
  title =        "{Automatic Evaluation of Machine Translation Quality Using Longest Common Subsequence and Skip-Bigram Statics}",
  booktitle =    {Proceedings of the 42nd Annual Meeting of the Association for Computational Linguistics (ACL)},
  year =         {2004}
}

@inproceedings{BLANC,
  author    = {Lucian Vlad Lita and Monica Rogati and Alon Lavie},
  title     = "{BLANC: Learning Evaluation Metrics for MT}",
  booktitle = {Proceedings of the Joint Conference on Human Language Technology and Empirical Methods in Natural Language Processing (HLT-EMNLP)},
  year      = {2005},
  pages     = {740--747}
}

@inproceedings{CDER,
  author = {Gregor Leusch and Nicola Ueffing and Hermann Ney},
  title = "{CDER: Efficient MT Evaluation Using Block Movements}",
  booktitle = {Proceedings of EACL},
  pages     = {241--248},
  year = {2006}
}

@inproceedings{TER,
  author    = {Matthew Snover and Bonnie Dorr and Richard Schwartz and Linnea Micciulla and and John Makhoul},
  title     = "{A Study of Translation Edit Rate with Targeted Human Annotation}",
  booktitle = {Proceedings of AMTA},
  pages     = {223--231},
  year      = {2006}
}

@inproceedings{ULC, 
 author="Jesús Giménez and Lluís Màrquez", 
 title="A Smorgasbord of Features for Automatic MT Evaluation", 
 booktitle="Proceedings of the Third Workshop on Statistical Machine Translation", 
 publisher="The Association for Computational Linguistics", 
 pages="195--198", 
 address="Columbus, Ohio", 
 year="2008", 
 month="June" 
}

@inproceedings{metriquesJesus, 
 author="Jesús Giménez and Lluís Màrquez", 
 title="Linguistic Features for Automatic Evaluation of Heterogeneous MT Systems", 
 booktitle="Proceedings of the Second ACL Workshop on Statistical Machine Translation", 
 pages="256--264", 
 year="2007", 
 month="June" 
 }
 
@InProceedings{STM,
author = {Liu, Ding and Gildea, Daniel},
title = {Syntactic Features for Evaluation of Machine Translation},
booktitle = {Proceedings of the ACL Workshop on Intrinsic and Extrinsic Evaluation Measures for Machine Translation and/or Summarization},
month = {June},
address = {Ann Arbor, Michigan},
publisher = {Association for Computational Linguistics},
pages = {25--32},
url = {http://www.aclweb.org/anthology/W/W05/W05-0904},
year = 2005
}

@article{PBML_Asiya:2010,
               author = {Jes\'{u}s Gim\'{e}nez and Llu\'{i}s M\`{a}rquez},
               title = "{Asiya: An Open Toolkit for Automatic Machine Translation (Meta-)Evaluation}",
               journal = {The Prague Bulletin of Mathematical Linguistics},
               number = {94},
               year = {2010},
               pages = {77--86}
}


@inproceedings{Gonzalez:2012,
    author = {M. Gonz\'alez and J. Gim\'enez and L. M\`arquez},
    title = {A Graphical Interface for {MT} Evaluation and Error Analysis.},
    booktitle = { Proc. of the 50th ACL Conference, System Demonstrations},
    year = {2012},
    pages = {139--144}
    }

% errors
 @inproceedings{koehn04,
title = {Statistical Significance Tests for Machine Translation Evaluation},
address = {Barcelona, Spain},
author = {Philipp Koehn},
booktitle = {Proceedings of EMNLP 2004},
year = {2004}
} 

% Software
@inproceedings{mkcls,
 author = {Franz Josef Och},
 title = {An efficient method for determining bilingual word classes},
 booktitle = {Proceedings of the ninth conference on European chapter of the Association for Computational Linguistics},
 year = {1999},
 pages = {71--76},
 location = {Bergen, Norway},
 doi = {http://dx.doi.org/10.3115/977035.977046},
 publisher = {Association for Computational Linguistics},
 address = {Morristown, NJ, USA},
 }

@ARTICLE{giza,
AUTHOR = {Franz Josef Och and Hermann Ney},
TITLE = {A Systematic Comparison of Various Statistical Alignment Models},
JOURNAL= {Computational Linguistics}, 
NUMBER = 1,
VOLUME = 29,
YEAR = 2003,
PAGES = {19--51}}



@InProceedings{srilm,
  author = "A. Stolcke",
  title = "{SRILM -- An extensible language modeling toolkit}",
  booktitle = "Proc. Intl. Conf. on Spoken Language Processing",
  year = "2002",
  url = "citeseer.ist.psu.edu/stolcke02srilm.html" 
}


% MERT
@INPROCEEDINGS{och2003, 
 AUTHOR = {Franz Josef Och}, 
 TITLE = {Minimum error rate training in statistical machine translation}, 
 BOOKTITLE = {Proc. of the Association for Computational Linguistics}, 
 YEAR = {2003},
 address = {Sapporo, Japan}, 
 month = {July 6-7} 
}
@InProceedings{cer2008,
  author    = {Cer, Daniel  and  Jurafsky, Daniel  and  Manning, Christopher},
  title     = {Regularization and Search for Minimum Error Rate Training},
  booktitle = {Proceedings of the Third Workshop on Statistical Machine Translation},
  month     = {June},
  year      = {2008},
  address   = {Columbus, Ohio},
  publisher = {Association for Computational Linguistics},
  pages     = {26--34},
  url       = {http://www.aclweb.org/anthology/W/W08/W08-0304}
}

@INPROCEEDINGS{moore2008, 
 AUTHOR = {Moore, Robert C. and  Quirk, Chris}, 
 TITLE = {Random Restarts in Minimum Error Rate Training for Statistical Machine Translation}, 
 BOOKTITLE = {Proc. of the 22nd International Conference on Computational Linguistics (Coling 2008)}, 
 YEAR = {2008},
 address = {Manchester, UK}, 
 month = {August},
 pages = {585--592}
}


@inproceedings{papineni2002, 
author = {Kishore Papineni and Salim Roukos and Todd Ward and Wei-Jing Zhu}, 
title = "{BLEU: a Method for Automatic Evaluation of Machine Translation.}", 
booktitle = {Proceedings of the Association of Computational Linguistics}, 
year = {2002}, 
pages = {311-318}, 
ee = {http://www.aclweb.org/anthology/P02-1040.pdf}, 
bibsource = {DBLP, http://dblp.uni-trier.de} 
}

